<?xml version="1.0" encoding="UTF-8"?><collection xmlns="http://www.loc.gov/MARC21/slim"><record><leader>00396nam--2200145-i-4500</leader><controlfield tag="001">000045924</controlfield><controlfield tag="002">20161230</controlfield><controlfield tag="005">20161230201045</controlfield><controlfield tag="008">060222s1000------------r-----000-0-eng-d</controlfield><datafield ind1=" " ind2=" " tag="080"><subfield code="a">621.79:621.3.015.54</subfield></datafield><datafield ind1=" " ind2=" " tag="100"><subfield code="a">Ulitin, M.N</subfield></datafield><datafield ind1=" " ind2=" " tag="245"><subfield code="a">Prelucrarea metalelor prin scantei electrice. (uz intern)</subfield></datafield><datafield ind1=" " ind2=" " tag="260"><subfield code="a">Bucuresti, I.D.T., 27p</subfield></datafield><datafield ind1=" " ind2=" " tag="490"><subfield code="a">Comitetul De Stat Pentru Tehnica</subfield></datafield><datafield ind1=" " ind2=" " tag="852"><subfield code="a">1354</subfield></datafield></record></collection>